<record><leader>00000cas a2200000Ma 4500</leader><controlfield tag="001">664617112</controlfield><controlfield tag="007">cr |n|||||||||</controlfield><controlfield tag="008">841018d18261827nyuwr   o     |    0eng d</controlfield><datafield ind1=" " ind2=" " tag="010"><subfield code="a">sn2001061895</subfield></datafield><datafield ind1=" " ind2=" " tag="040"><subfield code="a">HTM</subfield><subfield code="b">eng</subfield><subfield code="c">HTM</subfield><subfield code="d">OCLCQ</subfield><subfield code="d">OCLCF</subfield><subfield code="d">OCLCO</subfield><subfield code="d">OCL</subfield><subfield code="d">OCLCQ</subfield><subfield code="d">OCLCO</subfield><subfield code="d">OCLCQ</subfield></datafield><datafield ind1=" " ind2=" " tag="043"><subfield code="a">n-us-ny</subfield></datafield><datafield ind1="0" ind2="4" tag="245"><subfield code="a">The Escritoir: or Masonic and miscellaneous album.</subfield></datafield><datafield ind1="3" ind2="0" tag="246"><subfield code="a">Escritoir</subfield></datafield><datafield ind1="3" ind2="0" tag="246"><subfield code="a">Masonic and miscellaneous album</subfield></datafield><datafield ind1=" " ind2=" " tag="260"><subfield code="a">Albany, N.Y. :</subfield><subfield code="b">[E.B. Child],</subfield><subfield code="c">1826-1827.</subfield></datafield><datafield ind1=" " ind2=" " tag="310"><subfield code="a">Weekly</subfield></datafield><datafield ind1=" " ind2=" " tag="336"><subfield code="a">text</subfield><subfield code="b">txt</subfield><subfield code="2">rdacontent</subfield></datafield><datafield ind1=" " ind2=" " tag="337"><subfield code="a">computer</subfield><subfield code="b">c</subfield><subfield code="2">rdamedia</subfield></datafield><datafield ind1=" " ind2=" " tag="338"><subfield code="a">online resource</subfield><subfield code="b">cr</subfield><subfield code="2">rdacarrier</subfield></datafield><datafield ind1="0" ind2=" " tag="362"><subfield code="a">Vol. 1,no. 1(Jan. 28, 1826)-v.1,no. 52(Jan. 20, 1827).</subfield></datafield><datafield ind1=" " ind2=" " tag="500"><subfield code="a">Title from caption.</subfield></datafield><datafield ind1=" " ind2=" " tag="500"><subfield code="a">"Semita Certe Tranquille Per Virtutem Patet Unica Vita-Juv. Sat."</subfield></datafield><datafield ind1="2" ind2="0" tag="610"><subfield code="a">Freemasons</subfield><subfield code="v">Newspapers.</subfield></datafield><datafield ind1=" " ind2="0" tag="651"><subfield code="a">Albany (N.Y.)</subfield><subfield code="v">Newspapers.</subfield></datafield><datafield ind1=" " ind2="0" tag="651"><subfield code="a">Albany County (N.Y.)</subfield><subfield code="v">Newspapers.</subfield></datafield><datafield ind1=" " ind2="4" tag="650"><subfield code="a">Internet resources.</subfield></datafield><datafield ind1=" " ind2="4" tag="650"><subfield code="a">Electronic journals.</subfield></datafield><datafield ind1="2" ind2="7" tag="610"><subfield code="a">Freemasons.</subfield><subfield code="2">fast</subfield><subfield code="0">(OCoLC)fst00533636</subfield></datafield><datafield ind1=" " ind2="7" tag="651"><subfield code="a">New York (State)</subfield><subfield code="z">Albany.</subfield><subfield code="2">fast</subfield><subfield code="0">(OCoLC)fst01225716</subfield></datafield><datafield ind1=" " ind2="7" tag="651"><subfield code="a">New York (State)</subfield><subfield code="z">Albany County.</subfield><subfield code="2">fast</subfield><subfield code="0">(OCoLC)fst01210357</subfield></datafield><datafield ind1=" " ind2="7" tag="655"><subfield code="a">Newspapers.</subfield><subfield code="2">fast</subfield><subfield code="0">(OCoLC)fst01423814</subfield></datafield><datafield ind1="2" ind2=" " tag="710"><subfield code="a">American Periodicals Series (Legacy Platform)</subfield></datafield><datafield ind1="1" ind2=" " tag="776"><subfield code="t">Escritoir; or, Masonic and miscellaneous album</subfield><subfield code="w">(DLC)sn 77021716</subfield><subfield code="w">(OCoLC)1568219</subfield></datafield><datafield ind1="1" ind2=" " tag="776"><subfield code="t">Escritoir; or, Masonic and miscellaneous album (Online)</subfield><subfield code="w">(DLC)  2008266607</subfield><subfield code="w">(OCoLC)55134754</subfield></datafield><datafield ind1="0" ind2="0" tag="785"><subfield code="t">American Masonic record, and Albany Saturday magazine</subfield><subfield code="w">(DLC)sf 98086390</subfield><subfield code="w">(OCoLC)8340362</subfield></datafield><datafield ind1="4" ind2="0" tag="856"><subfield code="u">http://WC2VB5MT8E.search.serialssolutions.com/?sid=sersol&amp;SS_jc=ESCRORMAA&amp;title=The+Escritoir:+or+Masonic+and+miscellaneous+album</subfield></datafield></record>